3059 4967
710 503 853 597 De
910 503 1182 595 Colica
1233 501 1659 595 Ρὶἐῖοηιηη.
1892 531 2047 620 173

690 922 1294 1014 CAPUT
1429 845 1754 1013 XXX.

590 1123 940 1282 Cazfie
1006 1163 1406 1249 remotae
1475 1140 1863 1243 oblavae

1000 1337 1453 1474 Curatio·
1921 1327 1922 1331 ‘

523 1587 607 1675 N
696 1569 1190 1683 debiliffimis
1282 1591 2054 1713 Hypochondriacis
2133 1602 2354 1672 Auiani

540 1724 1080 1846 Hystericisve
1127 1733 1669 1853 Corporibus,
1698 1764 2057 1853 quorum
2083 1691 2332 1868 {xiim

393 1904 700 1964 nervea
763 1871 1128 1990 syntaxis'
1177 1875 1416 1964 valde
1494 1873 1821 1964 mobilis
1894 1873 2009 1963 est
2028 1931 2057 1977 ‚
2092 1888 2354 1982 effeetus.

391 2013 651 2102 miros
707 2010 914 2100 dnm
969 2011 1225 2101 edunt
1258 2011 1620 2102 effedtus
1634 2014 1887 2109 animi
1913 2042 2060 2130 pa-

390 2149 751 2242 themata
768 2208 797 2253 ,
823 2147 1281 2237 Intestinale
1319 2146 1767 2266 Organum
1808 2151 2062 2252 muci,

630 2287 1077 2406 branaeque
1106 2265 1406 2377 villosae
1433 2285 1895 2378 exhalantia
1917 2319 2069 2378 nec
2149 2284 2156 2290 ’

106 2525 147 2560 .
373 2280 631 2659 ἕ
645 2426 1088 2518 inhalantia
1141 2425 1332 2516 vasa
1396 2428 1509 2518 ita
1572 2428 2071 2547 quandoque

511 2570 856 2688 'ngunt,
879 2585 972 2658 ut
994 2568 1082 2655 in
1125 2567 1473 2656 cavitate
1510 2565 2077 2657 intestinorum

401 2710 738 2801 secretio
790 2723 1034 2823 atque
1076 2709 1436 2796 excretio
1479 2707 1703 2796 nulla
1740 2706 1855 2798 fit„
1913 2711 2078 2798 Sic-
2145 2757 2149 2761 <

394 2876 518 2942 'cae
553 2867 753 2940 tunc
793 2845 1126 2964 papillae
1189 2874 1459 2966 neque
1509 2876 1763 2936 muco
1811 2877 2079 2966 neque

393 2970 578 3081 rore
613 2983 965 3077 defensae
979 2968 1018 3088 ‘‚
1078 2983 1154 3072 fi
1194 2984 1646 3075 acrioribus
1683 2987 2082 3105 imprimis

397 3128 806 3221 laedantur
860 3124 1327 3244 pharmacis
1354 3182 1383 3227 ,
1437 3126 1748 3212 mirum
1782 3126 1869 3212 in
1899 3130 2085 3215 ino-

279 3359 285 3368 „
401 3267 613 3356 dum
665 3265 1080 3353 irritantur
1112 3320 1141 3368 ‚
1212 3284 1833 3383 nervorumque
1890 3296 2087 3357 con-

405 3398 639 3492 sensti
658 3456 687 3506 ‚
722 3401 1202 3520 epilepticos·
1241 3401 1454 3522 ipsos
1508 3407 1861 3499 excitant
1915 3436 2091 3495 mo·

307 3589 311 3593 ·
414 3559 574 3631 tus,
1178 3571 1187 3579 ·
1393 3602 1401 3612 ·
2026 3550 2030 3555 ’

389 3724 393 3729 -
513 3706 529 3715 ·
1107 3682 1215 3775 M
1294 3712 1336 3798 3
1744 3695 1942 3801 (1.)
1995 3689 2097 3780 In
